<record><leader>00000cas a22000007a 4500</leader><controlfield tag="001">21223878</controlfield><controlfield tag="008">900316d18591864gauwr ne      0    0eng d</controlfield><datafield ind1=" " ind2=" " tag="010"><subfield code="a">sn 90065032 </subfield></datafield><datafield ind1=" " ind2=" " tag="040"><subfield code="a">YOX</subfield><subfield code="b">eng</subfield><subfield code="c">YOX</subfield><subfield code="d">NLG</subfield><subfield code="d">YOX</subfield><subfield code="d">NLG</subfield><subfield code="d">NVJ</subfield><subfield code="d">NVK</subfield><subfield code="d">NVJ</subfield><subfield code="d">OCL</subfield><subfield code="d">OCLCQ</subfield><subfield code="d">GUA</subfield><subfield code="d">KRTAS</subfield><subfield code="d">WIH</subfield><subfield code="d">OCLCQ</subfield><subfield code="d">OCLCF</subfield></datafield><datafield ind1="1" ind2=" " tag="029"><subfield code="a">AU@</subfield><subfield code="b">000041128939</subfield></datafield><datafield ind1=" " ind2=" " tag="042"><subfield code="a">msc</subfield></datafield><datafield ind1=" " ind2=" " tag="043"><subfield code="a">n-us-ga</subfield></datafield><datafield ind1="0" ind2=" " tag="130"><subfield code="a">Southern field and fireside (Augusta, Ga. : 1859)</subfield></datafield><datafield ind1="1" ind2="4" tag="245"><subfield code="a">The Southern field and fireside.</subfield></datafield><datafield ind1="1" ind2="3" tag="246"><subfield code="a">Field &amp; fireside</subfield></datafield><datafield ind1="3" ind2="0" tag="246"><subfield code="a">Field and fireside</subfield></datafield><datafield ind1=" " ind2=" " tag="260"><subfield code="a">Augusta, Ga. :</subfield><subfield code="b">James Gardner,</subfield><subfield code="c">1859-1864.</subfield></datafield><datafield ind1=" " ind2=" " tag="300"><subfield code="a">v. ;</subfield><subfield code="c">42 cm.</subfield></datafield><datafield ind1=" " ind2=" " tag="310"><subfield code="a">Weekly</subfield></datafield><datafield ind1="0" ind2=" " tag="362"><subfield code="a">Vol. 1, no. 1 (May 28, 1859)- ; new ser. vol. 1, no. 1 (Jan. 3, 1863)-new ser. v. 2, no. 44 (Oct. 29, 1864).</subfield></datafield><datafield ind1=" " ind2=" " tag="500"><subfield code="a">Publisher varies: Stockton &amp; Co., Jan. 2, 1864-</subfield></datafield><datafield ind1=" " ind2=" " tag="530"><subfield code="a">Also on microfilm: Athens, Ga. : University of Georgia Libraries.</subfield></datafield><datafield ind1=" " ind2=" " tag="580"><subfield code="a">Merged with: Mercury (Raleigh, N.C.), to form: Southern field and fireside (Raleigh, N.C. : 1864).</subfield></datafield><datafield ind1=" " ind2="0" tag="651"><subfield code="a">Augusta (Ga.)</subfield><subfield code="v">Newspapers.</subfield></datafield><datafield ind1=" " ind2="0" tag="651"><subfield code="a">Richmond County (Ga.)</subfield><subfield code="v">Newspapers.</subfield></datafield><datafield ind1=" " ind2="7" tag="655"><subfield code="a">Newspapers.</subfield><subfield code="2">fast</subfield><subfield code="0">(OCoLC)fst01423814</subfield></datafield><datafield ind1=" " ind2="7" tag="651"><subfield code="a">Georgia</subfield><subfield code="z">Augusta.</subfield><subfield code="2">fast</subfield><subfield code="0">(OCoLC)fst01206406</subfield></datafield><datafield ind1=" " ind2="7" tag="651"><subfield code="a">Georgia</subfield><subfield code="z">Richmond County.</subfield><subfield code="2">fast</subfield><subfield code="0">(OCoLC)fst01215116</subfield></datafield><datafield ind1=" " ind2=" " tag="752"><subfield code="a">United States</subfield><subfield code="b">Georgia</subfield><subfield code="c">Richmond</subfield><subfield code="d">Augusta.</subfield></datafield><datafield ind1="1" ind2="7" tag="785"><subfield code="t">Mercury (Raleigh, N.C.)</subfield><subfield code="w">(DLC)sn 92072982</subfield><subfield code="w">(OCoLC)25557516</subfield></datafield><datafield ind1="1" ind2="7" tag="785"><subfield code="t">Southern field and fireside (Raleigh, N.C. : 1864)</subfield><subfield code="w">(DLC)sn 84026582</subfield><subfield code="w">(OCoLC)10503227</subfield></datafield><datafield ind1=" " ind2=" " tag="938"><subfield code="a">Kirtas Technologies, Inc.</subfield><subfield code="b">KRTS</subfield><subfield code="n">740374</subfield></datafield></record>